{
  "leader": "03303cam a2200637 i 4500",
  "fields": [
    {
      "001": "ocm06092164\\"
    },
    {
      "003": "OCoLC"
    },
    {
      "005": "20211117033635.0"
    },
    {
      "008": "800207s1980\\\\\\\\maua\\\\\\\\\\bs\\\\\\001\\0\\eng\\\\"
    },
    {
      "010": {
        "ind1": "\\",
        "ind2": "\\",
        "subfields": [
          {
            "a": "   80011189 "
          }
        ]
      }
    },
    {
      "040": {
        "ind1": "\\",
        "ind2": "\\",
        "subfields": [
          {
            "a": "DLC"
          },
          {
            "b": "eng"
          },
          {
            "c": "DLC"
          },
          {
            "d": "NLM"
          },
          {
            "d": "UBA"
          },
          {
            "d": "OCL"
          },
          {
            "d": "MUQ"
          },
          {
            "d": "NLGGC"
          },
          {
            "d": "OCLCG"
          },
          {
            "d": "YDXCP"
          },
          {
            "d": "AU@"
          },
          {
            "d": "ZWZ"
          },
          {
            "d": "UKV3G"
          },
          {
            "d": "OCLCQ"
          },
          {
            "d": "GBVCP"
          },
          {
            "d": "OCLCO"
          },
          {
            "d": "OCLCF"
          },
          {
            "d": "OCLCQ"
          },
          {
            "d": "OCLCO"
          },
          {
            "d": "DEBBG"
          },
          {
            "d": "OCLCO"
          },
          {
            "d": "OCLCA"
          },
          {
            "d": "OCLCQ"
          },
          {
            "d": "CSJ"
          },
          {
            "d": "OCLCA"
          },
          {
            "d": "OCLCQ"
          },
          {
            "d": "OCLCO"
          },
          {
            "d": "JDP"
          },
          {
            "d": "OCLCO"
          },
          {
            "d": "UKMGB"
          },
          {
            "d": "OCLCA"
          },
          {
            "d": "WURST"
          },
          {
            "d": "Y7X"
          },
          {
            "d": "AKC"
          },
          {
            "d": "OCLCO"
          }
        ]
      }
    },
    {
      "016": {
        "ind1": "7",
        "ind2": "\\",
        "subfields": [
          {
            "a": "8001411"
          },
          {
            "2": "DNLM"
          }
        ]
      }
    },
    {
      "016": {
        "ind1": "7",
        "ind2": "\\",
        "subfields": [
          {
            "a": "009079088"
          },
          {
            "2": "Uk"
          }
        ]
      }
    },
    {
      "019": {
        "ind1": "\\",
        "ind2": "\\",
        "subfields": [
          {
            "a": "5989171"
          },
          {
            "a": "59829425"
          },
          {
            "a": "1171360608"
          }
        ]
      }
    },
    {
      "020": {
        "ind1": "\\",
        "ind2": "\\",
        "subfields": [
          {
            "a": "0674317300"
          }
        ]
      }
    },
    {
      "020": {
        "ind1": "\\",
        "ind2": "\\",
        "subfields": [
          {
            "a": "9780674317307"
          }
        ]
      }
    },
    {
      "035": {
        "ind1": "\\",
        "ind2": "\\",
        "subfields": [
          {
            "a": "(OCoLC)6092164"
          },
          {
            "z": "(OCoLC)5989171"
          },
          {
            "z": "(OCoLC)59829425"
          },
          {
            "z": "(OCoLC)1171360608"
          }
        ]
      }
    },
    {
      "043": {
        "ind1": "\\",
        "ind2": "\\",
        "subfields": [
          {
            "a": "n-us-ma"
          }
        ]
      }
    },
    {
      "050": {
        "ind1": "0",
        "ind2": "0",
        "subfields": [
          {
            "a": "RC692"
          },
          {
            "b": ".D38"
          }
        ]
      }
    },
    {
      "060": {
        "ind1": "0",
        "ind2": "0",
        "subfields": [
          {
            "a": "WG 550"
          },
          {
            "b": "D269f 1980"
          }
        ]
      }
    },
    {
      "082": {
        "ind1": "0",
        "ind2": "4",
        "subfields": [
          {
            "a": "614.5912"
          },
          {
            "b": "DAW"
          }
        ]
      }
    },
    {
      "049": {
        "ind1": "\\",
        "ind2": "\\",
        "subfields": [
          {
            "a": "NYRV"
          }
        ]
      }
    },
    {
      "100": {
        "ind1": "1",
        "ind2": "\\",
        "subfields": [
          {
            "a": "Dawber, Thomas Royle,"
          },
          {
            "d": "1913-2005."
          }
        ]
      }
    },
    {
      "245": {
        "ind1": "1",
        "ind2": "4",
        "subfields": [
          {
            "a": "The Framingham study :"
          },
          {
            "b": "the epidemiology of atherosclerotic disease /"
          },
          {
            "c": "Thomas Royle Dawber."
          }
        ]
      }
    },
    {
      "260": {
        "ind1": "\\",
        "ind2": "\\",
        "subfields": [
          {
            "a": "Cambridge, Mass. :"
          },
          {
            "b": "Harvard University Press,"
          },
          {
            "c": "\u00a91980."
          }
        ]
      }
    },
    {
      "300": {
        "ind1": "\\",
        "ind2": "\\",
        "subfields": [
          {
            "a": "viii, 257 pages :"
          },
          {
            "b": "illustrations ;"
          },
          {
            "c": "25 cm."
          }
        ]
      }
    },
    {
      "336": {
        "ind1": "\\",
        "ind2": "\\",
        "subfields": [
          {
            "a": "text"
          },
          {
            "b": "txt"
          },
          {
            "2": "rdacontent"
          }
        ]
      }
    },
    {
      "337": {
        "ind1": "\\",
        "ind2": "\\",
        "subfields": [
          {
            "a": "unmediated"
          },
          {
            "b": "n"
          },
          {
            "2": "rdamedia"
          }
        ]
      }
    },
    {
      "338": {
        "ind1": "\\",
        "ind2": "\\",
        "subfields": [
          {
            "a": "volume"
          },
          {
            "b": "nc"
          },
          {
            "2": "rdacarrier"
          }
        ]
      }
    },
    {
      "490": {
        "ind1": "1",
        "ind2": "\\",
        "subfields": [
          {
            "a": "A Commonwealth Fund book"
          }
        ]
      }
    },
    {
      "500": {
        "ind1": "\\",
        "ind2": "\\",
        "subfields": [
          {
            "a": "\"A Commonwealth Fund book.\"--Title page"
          }
        ]
      }
    },
    {
      "504": {
        "ind1": "\\",
        "ind2": "\\",
        "subfields": [
          {
            "a": "Includes bibliographical references (pages 233-238) and index."
          }
        ]
      }
    },
    {
      "505": {
        "ind1": "0",
        "ind2": "\\",
        "subfields": [
          {
            "a": "Introduction -- Organization of the Framingham Study -- Diagnostic categories of atherosclerotiic disease -- Hypotheses for study -- Incidence of coronary heart disease, stroke, and peripheral arterial disease -- Observations on blood-pressure measurement -- Hypertension as a risk factor -- Lipids and athrosclerotic disease -- Obesity and atherosclerotic disease -- Obesity and atherosclerotic disease -- Physical activity and cardiovascular disease -- Tobacco and cardiovascular disease -- Diabetes and cardiovascular disease -- Other risk factors -- Congestive heart failure -- Impact of the Framingham study on medical practice."
          }
        ]
      }
    },
    {
      "650": {
        "ind1": "\\",
        "ind2": "0",
        "subfields": [
          {
            "a": "Atherosclerosis"
          },
          {
            "z": "Massachusetts"
          },
          {
            "z": "Framingham."
          }
        ]
      }
    },
    {
      "650": {
        "ind1": "\\",
        "ind2": "0",
        "subfields": [
          {
            "a": "Atherosclerosis"
          },
          {
            "z": "Massachusetts"
          },
          {
            "z": "Framingham"
          },
          {
            "v": "Statistics."
          }
        ]
      }
    },
    {
      "650": {
        "ind1": "\\",
        "ind2": "2",
        "subfields": [
          {
            "a": "Arteriosclerosis"
          },
          {
            "x": "epidemiology."
          },
          {
            "0": "https://id.nlm.nih.gov/mesh/D001161Q000453"
          }
        ]
      }
    },
    {
      "650": {
        "ind1": "\\",
        "ind2": "2",
        "subfields": [
          {
            "a": "Arteriosclerosis."
          },
          {
            "0": "https://id.nlm.nih.gov/mesh/D001161"
          }
        ]
      }
    },
    {
      "651": {
        "ind1": "\\",
        "ind2": "2",
        "subfields": [
          {
            "a": "Massachusetts"
          },
          {
            "x": "epidemiology."
          },
          {
            "0": "https://id.nlm.nih.gov/mesh/D008404Q000453"
          }
        ]
      }
    },
    {
      "650": {
        "ind1": "\\",
        "ind2": "7",
        "subfields": [
          {
            "a": "Atherosclerosis."
          },
          {
            "2": "fast"
          },
          {
            "0": "(OCoLC)fst00820004"
          }
        ]
      }
    },
    {
      "651": {
        "ind1": "\\",
        "ind2": "7",
        "subfields": [
          {
            "a": "Massachusetts"
          },
          {
            "z": "Framingham."
          },
          {
            "2": "fast"
          },
          {
            "0": "(OCoLC)fst01210550"
          }
        ]
      }
    },
    {
      "653": {
        "ind1": "0",
        "ind2": "0",
        "subfields": [
          {
            "a": "atherosclerose"
          }
        ]
      }
    },
    {
      "653": {
        "ind1": "0",
        "ind2": "0",
        "subfields": [
          {
            "a": "atherosclerosis"
          }
        ]
      }
    },
    {
      "653": {
        "ind1": "0",
        "ind2": "0",
        "subfields": [
          {
            "a": "epidemics"
          }
        ]
      }
    },
    {
      "653": {
        "ind1": "0",
        "ind2": "0",
        "subfields": [
          {
            "a": "epidemiologie"
          }
        ]
      }
    },
    {
      "653": {
        "ind1": "0",
        "ind2": "0",
        "subfields": [
          {
            "a": "epidemiology"
          }
        ]
      }
    },
    {
      "653": {
        "ind1": "1",
        "ind2": "0",
        "subfields": [
          {
            "a": "Epidemiology"
          }
        ]
      }
    },
    {
      "653": {
        "ind1": "2",
        "ind2": "0",
        "subfields": [
          {
            "a": "Nutritional Disorders"
          }
        ]
      }
    },
    {
      "653": {
        "ind1": "1",
        "ind2": "0",
        "subfields": [
          {
            "a": "Epidemiologie"
          }
        ]
      }
    },
    {
      "653": {
        "ind1": "2",
        "ind2": "0",
        "subfields": [
          {
            "a": "Voedingsstoornissen"
          }
        ]
      }
    },
    {
      "655": {
        "ind1": "\\",
        "ind2": "7",
        "subfields": [
          {
            "a": "Statistics."
          },
          {
            "2": "fast"
          },
          {
            "0": "(OCoLC)fst01423727"
          }
        ]
      }
    },
    {
      "655": {
        "ind1": "\\",
        "ind2": "7",
        "subfields": [
          {
            "a": "Statistics."
          },
          {
            "2": "lcgft"
          }
        ]
      }
    },
    {
      "776": {
        "ind1": "0",
        "ind2": "8",
        "subfields": [
          {
            "i": "Online version:"
          },
          {
            "a": "Dawber, Thomas Royle, 1913-"
          },
          {
            "t": "Framingham study."
          },
          {
            "d": "Cambridge, Mass. : Harvard University Press, 1980"
          },
          {
            "w": "(OCoLC)567779587"
          }
        ]
      }
    },
    {
      "776": {
        "ind1": "0",
        "ind2": "8",
        "subfields": [
          {
            "i": "Online version:"
          },
          {
            "a": "Dawber, Thomas Royle, 1913-"
          },
          {
            "t": "Framingham study."
          },
          {
            "d": "Cambridge, Mass. : Harvard University Press, 1980"
          },
          {
            "w": "(OCoLC)607654923"
          }
        ]
      }
    },
    {
      "830": {
        "ind1": "\\",
        "ind2": "0",
        "subfields": [
          {
            "a": "Commonwealth Fund book."
          }
        ]
      }
    },
    {
      "999": {
        "ind1": "\\",
        "ind2": "\\",
        "subfields": [
          {
            "a": "No barcode."
          }
        ]
      }
    },
    {
      "994": {
        "ind1": "\\",
        "ind2": "\\",
        "subfields": [
          {
            "a": "C0"
          },
          {
            "b": "NYRVC"
          }
        ]
      }
    }
  ]
}